@Manual{R-base,
  title = {R: A Language and Environment for Statistical Computing},
  author = {{R Core Team}},
  organization = {R Foundation for Statistical Computing},
  address = {Vienna, Austria},
  year = {2023},
  url = {https://www.R-project.org/},
}

@Manual{R-bookdown,
  title = {bookdown: Authoring Books and Technical Documents with R Markdown},
  author = {Yihui Xie},
  year = {2023},
  note = {R package version 0.33},
  url = {https://CRAN.R-project.org/package=bookdown},
}

@Manual{R-ggfortify,
  title = {ggfortify: Data Visualization Tools for Statistical Analysis Results},
  author = {Masaaki Horikoshi and Yuan Tang},
  year = {2023},
  note = {R package version 0.4.16},
  url = {https://github.com/sinhrks/ggfortify},
}

@Manual{R-ggplot2,
  title = {ggplot2: Create Elegant Data Visualisations Using the Grammar of Graphics},
  author = {Hadley Wickham and Winston Chang and Lionel Henry and Thomas Lin Pedersen and Kohske Takahashi and Claus Wilke and Kara Woo and Hiroaki Yutani and Dewey Dunnington},
  year = {2023},
  note = {R package version 3.4.2},
  url = {https://CRAN.R-project.org/package=ggplot2},
}

@Manual{R-kableExtra,
  title = {kableExtra: Construct Complex Table with kable and Pipe Syntax},
  author = {Hao Zhu},
  year = {2021},
  note = {R package version 1.3.4},
  url = {https://CRAN.R-project.org/package=kableExtra},
}

@Manual{R-knitr,
  title = {knitr: A General-Purpose Package for Dynamic Report Generation in R},
  author = {Yihui Xie},
  year = {2023},
  note = {R package version 1.42},
  url = {https://yihui.org/knitr/},
}

@Manual{R-patchwork,
  title = {patchwork: The Composer of Plots},
  author = {Thomas Lin Pedersen},
  year = {2022},
  note = {R package version 1.1.2},
  url = {https://CRAN.R-project.org/package=patchwork},
}

@Manual{R-poorman,
  title = {poorman: A Poor Man's Dependency Free Recreation of dplyr},
  author = {Nathan Eastwood},
  year = {2022},
  note = {R package version 0.2.6},
  url = {https://CRAN.R-project.org/package=poorman},
}

@Manual{R-rmarkdown,
  title = {rmarkdown: Dynamic Documents for R},
  author = {JJ Allaire and Yihui Xie and Christophe Dervieux and Jonathan McPherson and Javier Luraschi and Kevin Ushey and Aron Atkins and Hadley Wickham and Joe Cheng and Winston Chang and Richard Iannone},
  year = {2023},
  note = {R package version 2.21},
  url = {https://CRAN.R-project.org/package=rmarkdown},
}

@Manual{R-survival,
  title = {survival: Survival Analysis},
  author = {Terry M Therneau},
  year = {2023},
  note = {R package version 3.5-3},
  url = {https://github.com/therneau/survival},
}

@Manual{R-viridis,
  title = {viridis: Colorblind-Friendly Color Maps for R},
  author = {Simon Garnier},
  year = {2021},
  note = {R package version 0.6.2},
  url = {https://CRAN.R-project.org/package=viridis},
}

@Manual{R-viridisLite,
  title = {viridisLite: Colorblind-Friendly Color Maps (Lite Version)},
  author = {Simon Garnier},
  year = {2022},
  note = {R package version 0.4.1},
  url = {https://CRAN.R-project.org/package=viridisLite},
}

@Book{bookdown2016,
  title = {bookdown: Authoring Books and Technical Documents with {R} Markdown},
  author = {Yihui Xie},
  publisher = {Chapman and Hall/CRC},
  address = {Boca Raton, Florida},
  year = {2016},
  note = {ISBN 978-1138700109},
  url = {https://bookdown.org/yihui/bookdown},
}

@Article{ggfortify2016,
  author = {Yuan Tang and Masaaki Horikoshi and Wenxuan Li},
  title = {ggfortify: Unified Interface to Visualize Statistical Result of Popular R Packages},
  journal = {The R Journal},
  year = {2016},
  number = {2},
  volume = {8},
  pages = {474--485},
  url = {https://doi.org/10.32614/RJ-2016-060},
  doi = {10.32614/RJ-2016-060},
}

@Manual{ggfortify2018,
  author = {Masaaki Horikoshi and Yuan Tang},
  title = {ggfortify: Data Visualization Tools for Statistical Analysis Results},
  year = {2018},
  url = {https://CRAN.R-project.org/package=ggfortify},
}

@Book{ggplot22016,
  author = {Hadley Wickham},
  title = {ggplot2: Elegant Graphics for Data Analysis},
  publisher = {Springer-Verlag New York},
  year = {2016},
  isbn = {978-3-319-24277-4},
  url = {https://ggplot2.tidyverse.org},
}

@Book{knitr2015,
  title = {Dynamic Documents with {R} and knitr},
  author = {Yihui Xie},
  publisher = {Chapman and Hall/CRC},
  address = {Boca Raton, Florida},
  year = {2015},
  edition = {2nd},
  note = {ISBN 978-1498716963},
  url = {https://yihui.org/knitr/},
}

@InCollection{knitr2014,
  booktitle = {Implementing Reproducible Computational Research},
  editor = {Victoria Stodden and Friedrich Leisch and Roger D. Peng},
  title = {knitr: A Comprehensive Tool for Reproducible Research in {R}},
  author = {Yihui Xie},
  publisher = {Chapman and Hall/CRC},
  year = {2014},
  note = {ISBN 978-1466561595},
}

@Book{rmarkdown2018,
  title = {R Markdown: The Definitive Guide},
  author = {Yihui Xie and J.J. Allaire and Garrett Grolemund},
  publisher = {Chapman and Hall/CRC},
  address = {Boca Raton, Florida},
  year = {2018},
  isbn = {9781138359338},
  url = {https://bookdown.org/yihui/rmarkdown},
}

@Book{rmarkdown2020,
  title = {R Markdown Cookbook},
  author = {Yihui Xie and Christophe Dervieux and Emily Riederer},
  publisher = {Chapman and Hall/CRC},
  address = {Boca Raton, Florida},
  year = {2020},
  isbn = {9780367563837},
  url = {https://bookdown.org/yihui/rmarkdown-cookbook},
}

@Book{survival-book,
  title = {Modeling Survival Data: Extending the {C}ox Model},
  author = {{Terry M. Therneau} and {Patricia M. Grambsch}},
  year = {2000},
  publisher = {Springer},
  address = {New York},
  isbn = {0-387-98784-3},
}

