@Manual{R-base,
  title = {R: A Language and Environment for Statistical Computing},
  author = {{R Core Team}},
  organization = {R Foundation for Statistical Computing},
  address = {Vienna, Austria},
  year = {2021},
  url = {https://www.R-project.org/},
}

@Manual{R-bookdown,
  title = {bookdown: Authoring Books and Technical Documents with R Markdown},
  author = {Yihui Xie},
  year = {2021},
  note = {https://github.com/rstudio/bookdown},
}

@Manual{R-kableExtra,
  title = {kableExtra: Construct Complex Table with kable and Pipe Syntax},
  author = {Hao Zhu},
  year = {2021},
  note = {R package version 1.3.4},
  url = {https://CRAN.R-project.org/package=kableExtra},
}

@Manual{R-knitr,
  title = {knitr: A General-Purpose Package for Dynamic Report Generation in R},
  author = {Yihui Xie},
  year = {2021},
  note = {R package version 1.36},
  url = {https://yihui.org/knitr/},
}

@Manual{R-rmarkdown,
  title = {rmarkdown: Dynamic Documents for R},
  author = {JJ Allaire and Yihui Xie and Jonathan McPherson and Javier Luraschi and Kevin Ushey and Aron Atkins and Hadley Wickham and Joe Cheng and Winston Chang and Richard Iannone},
  year = {2021},
  note = {R package version 2.11},
  url = {https://CRAN.R-project.org/package=rmarkdown},
}

@Book{bookdown2016,
  title = {bookdown: Authoring Books and Technical Documents with {R} Markdown},
  author = {Yihui Xie},
  publisher = {Chapman and Hall/CRC},
  address = {Boca Raton, Florida},
  year = {2016},
  note = {ISBN 978-1138700109},
  url = {https://bookdown.org/yihui/bookdown},
}

@Book{knitr2015,
  title = {Dynamic Documents with {R} and knitr},
  author = {Yihui Xie},
  publisher = {Chapman and Hall/CRC},
  address = {Boca Raton, Florida},
  year = {2015},
  edition = {2nd},
  note = {ISBN 978-1498716963},
  url = {https://yihui.org/knitr/},
}

@InCollection{knitr2014,
  booktitle = {Implementing Reproducible Computational Research},
  editor = {Victoria Stodden and Friedrich Leisch and Roger D. Peng},
  title = {knitr: A Comprehensive Tool for Reproducible Research in {R}},
  author = {Yihui Xie},
  publisher = {Chapman and Hall/CRC},
  year = {2014},
  note = {ISBN 978-1466561595},
  url = {http://www.crcpress.com/product/isbn/9781466561595},
}

@Book{rmarkdown2018,
  title = {R Markdown: The Definitive Guide},
  author = {Yihui Xie and J.J. Allaire and Garrett Grolemund},
  publisher = {Chapman and Hall/CRC},
  address = {Boca Raton, Florida},
  year = {2018},
  note = {ISBN 9781138359338},
  url = {https://bookdown.org/yihui/rmarkdown},
}

@Book{rmarkdown2020,
  title = {R Markdown Cookbook},
  author = {Yihui Xie and Christophe Dervieux and Emily Riederer},
  publisher = {Chapman and Hall/CRC},
  address = {Boca Raton, Florida},
  year = {2020},
  note = {ISBN 9780367563837},
  url = {https://bookdown.org/yihui/rmarkdown-cookbook},
}

@article{Stensrud.Hernan:2020,
    author = {Stensrud, Mats J. and Hernán, Miguel A.},
    title = "{Why Test for Proportional Hazards?}",
    journal = {JAMA},
    volume = {323},
    number = {14},
    pages = {1401--1402},
    year = {2020},
    month = {04},
    issn = {0098-7484},
    doi = {10.1001/jama.2020.1267},
    url = {https://doi.org/10.1001/jama.2020.1267},
}


@article{Grambsch.Therneau:1994,
    author = {Grambsch, Patricia M. and Therneau, Terry M.},
    title = "{Proportional hazards tests and diagnostics based on weighted residuals}",
    journal = {Biometrika},
    volume = {81},
    number = {3},
    pages = {515--526},
    year = {1994},
    month = {09},
    issn = {0006-3444},
    doi = {10.1093/biomet/81.3.515},
    url = {https://doi.org/10.1093/biomet/81.3.515},
}


@article{Bastian:2014,
author = {Brock Bastian and Jolanda Jetten and Laura J. Ferris},
title ={Pain as Social Glue: Shared Pain Increases Cooperation},
journal = {Psychological Science},
volume = {25},
number = {11},
pages = {2079--2085},
year = {2014},
doi = {10.1177/0956797614545886},
URL = {https://doi.org/10.1177/0956797614545886},
}

@article{Bradley.Terry:1952,
 doi = {10.2307/233402},
 URL = {https://doi.org/10.2307/233402},
 author = {Ralph Allan Bradley and Milton E. Terry},
 journal = {Biometrika},
 number = {3/4},
 pages = {324--345},
 publisher = {[Oxford University Press, Biometrika Trust]},
 title = {Rank Analysis of Incomplete Block Designs: I. The Method of Paired Comparisons},
 volume = {39},
 year = {1952}
}


@article{Walters:2022,
author = {Walters, Daniel J. and \"{U}lk\"{u}men, G\"{u}lden and Tannenbaum, David and Erner, Carsten and Fox, Craig R.},
title = {Investor Behavior Under Epistemic vs. Aleatory Uncertainty},
journal = {Management Science},
volume = {69},
number = {5},
pages = {2761--2777},
year = {2023},
doi = {10.1287/mnsc.2022.4489},
}




﻿@Article{Fotopoulos.Louri:2000,
author={Fotopoulos, Georgios
and Louri, Helen},
title={Determinants of Hazard Confronting New Entry: Does Financial Structure Matter?},
journal={Review of Industrial Organization},
year={2000},
month={Nov},
day={01},
volume={17},
number={3},
pages={285--300},
issn={1573-7160},
doi={10.1023/A:1007862922531},
url={https://doi.org/10.1023/A:1007862922531}
}



@article{Hsu.Lee:2002,
author = {Cathy H. C. Hsu and Eun-Joo Lee},
title ={Segmentation of Senior Motorcoach Travelers},
journal = {Journal of Travel Research},
volume = {40},
number = {4},
pages = {364--373},
year = {2002},
doi = {10.1177/004728750204000403},
}

@article{Tibshirani.Walther.Hastie:2001,
author = {Tibshirani, Robert and Walther, Guenther and Hastie, Trevor},
title = {Estimating the number of clusters in a data set via the gap statistic},
journal = {Journal of the Royal Statistical Society: Series B (Statistical Methodology)},
volume = {63},
number = {2},
pages = {411--423},
doi = {10.1111/1467-9868.00293},
url = {https://rss.onlinelibrary.wiley.com/doi/abs/10.1111/1467-9868.00293},
year = {2001}
}




